<?xml version="1.0" encoding="utf-8"?>
<record xmlns="http://www.loc.gov/MARC21/slim" xmlns:xsi="http://www.w3.org/2001/XMLSchema-instance" xsi:schemaLocation="http://www.loc.gov/MARC21/slim http://www.loc.gov/standards/marcxml/schema/MARC21slim.xsd">
	<leader>     nam a22        4500</leader>
	<controlfield tag="001">b12957033</controlfield>
	<controlfield tag="003">UaCaAUL</controlfield>
	<controlfield tag="006">m        d        </controlfield>
	<controlfield tag="007">cr cn |||m|||a</controlfield>
	<controlfield tag="008">170907s1899    ua      o     000 0 ara d</controlfield>
	<datafield ind1=" " ind2=" " tag="040">
		<subfield code="a">NNU</subfield>
		<subfield code="b">eng</subfield>
		<subfield code="e">rda</subfield>
		<subfield code="c">NNU</subfield>
	</datafield>
	<datafield ind1=" " ind2="4" tag="050">
		<subfield code="a">BJ1291</subfield>
		<subfield code="b">.M33 1899</subfield>
	</datafield>
	<datafield ind1="1" ind2=" " tag="100">
		<subfield code="6">880-01</subfield>
		<subfield code="a">Māwardī, ʻAlī ibn Muḥammad,</subfield>
		<subfield code="d">974?-1058,</subfield>
		<subfield code="e">author.</subfield>
	</datafield>
	<datafield ind1="1" ind2="0" tag="240">
		<subfield code="6">880-02</subfield>
		<subfield code="a">Adab al-dunyā wa-al-dīn.</subfield>
	</datafield>
	<datafield ind1="1" ind2="0" tag="245">
		<subfield code="6">880-03</subfield>
		<subfield code="a">Kitāb adab al-dunyā wa-al-dīn /</subfield>
		<subfield code="c">taʼlīf al-ʻālim al-ʻallāmah al-ḥabr al-fahhāmah al-imām al-kabīr al-muḥaqqiq al-shahīr aqḍá al-quḍāt Abī al-Ḥasan ʻAlī ibn Muḥammad ibn Ḥabīb al-Baṣrī al-Māwardī raḥimahu Allāh ; wa-bi-hāmishihi Kitāb tahdhīb al-akhlāq wa-taṭhīr al-aʻrāq / lil-shaykh Abī ʻAlī Aḥmad ibn Muḥammad, al-maʻrūf bi-Ibn Miskawayh al-mutawafá sanat 421.</subfield>
	</datafield>
	<datafield ind1=" " ind2=" " tag="250">
		<subfield code="6">880-04</subfield>
		<subfield code="a">al-Ṭabʻah al-ūlá.</subfield>
	</datafield>
	<datafield ind1=" " ind2="1" tag="264">
		<subfield code="6">880-05</subfield>
		<subfield code="a">[al-Qāhirah], Miṣr :</subfield>
		<subfield code="b">al-Maṭbaʻah al-Adabīyah bi-Sūq al-Khuḍār al-qadīm bi-Miṣr,</subfield>
		<subfield code="c">1317 H., [1899-1900 M.]</subfield>
	</datafield>
	<datafield ind1=" " ind2="3" tag="264">
		<subfield code="6">880-06</subfield>
		<subfield code="a">[al-Qāhirah], Miṣr :</subfield>
		<subfield code="b">Ṭubiʻa bi-al-Maṭbaʻah al-Adabīyah bi-Sūq al-Khuḍār al-qadīm bi-Miṣr.</subfield>
	</datafield>
	<datafield ind1=" " ind2=" " tag="300">
		<subfield code="a">online resource (224 pages)</subfield>
	</datafield>
	<datafield ind1=" " ind2=" " tag="336">
		<subfield code="a">text</subfield>
		<subfield code="2">rdacontent</subfield>
	</datafield>
	<datafield ind1=" " ind2=" " tag="337">
		<subfield code="a">computer</subfield>
		<subfield code="2">rdamedia</subfield>
	</datafield>
	<datafield ind1=" " ind2=" " tag="338">
		<subfield code="a">online resource</subfield>
		<subfield code="2">rdacarrier</subfield>
	</datafield>
	<datafield ind1=" " ind2=" " tag="500">
		<subfield code="a">Part of the Arabic Collections Online (ACO) project, contributed by American University in Cairo Library.</subfield>
	</datafield>
	<datafield ind1=" " ind2=" " tag="533">
		<subfield code="a">Electronic reproduction.</subfield>
		<subfield code="b">New York, N.Y. :</subfield>
		<subfield code="c">New York University,</subfield>
		<subfield code="d">2017.</subfield>
		<subfield code="5">NNU</subfield>
	</datafield>
	<datafield ind1=" " ind2="0" tag="650">
		<subfield code="a">Islamic ethics</subfield>
		<subfield code="v">Early works to 1800.</subfield>
	</datafield>
	<datafield ind1=" " ind2="0" tag="650">
		<subfield code="a">Islamic etiquette.</subfield>
	</datafield>
	<datafield ind1=" " ind2="0" tag="650">
		<subfield code="a">Conduct of life</subfield>
		<subfield code="v">Early works to 1900.</subfield>
	</datafield>
	<datafield ind1=" " ind2="7" tag="650">
		<subfield code="a">Conduct of life.</subfield>
		<subfield code="2">fast</subfield>
		<subfield code="0">(OCoLC)fst00874563</subfield>
	</datafield>
	<datafield ind1=" " ind2="7" tag="650">
		<subfield code="a">Islamic ethics.</subfield>
		<subfield code="2">fast</subfield>
		<subfield code="0">(OCoLC)fst00979936</subfield>
	</datafield>
	<datafield ind1=" " ind2="7" tag="650">
		<subfield code="a">Islamic etiquette.</subfield>
		<subfield code="2">fast</subfield>
		<subfield code="0">(OCoLC)fst00979940</subfield>
	</datafield>
	<datafield ind1=" " ind2="7" tag="655">
		<subfield code="a">Early works.</subfield>
		<subfield code="2">fast</subfield>
		<subfield code="0">(OCoLC)fst01411636</subfield>
	</datafield>
	<datafield ind1="1" ind2="2" tag="700">
		<subfield code="6">880-07</subfield>
		<subfield code="a">Ibn Miskawayh, Aḥmad ibn Muḥammad,</subfield>
		<subfield code="d">-1030.</subfield>
		<subfield code="t">Kitāb tahdhīb al-akhlāq wa-taṭhīr al-aʻrāq.</subfield>
	</datafield>
	<datafield ind1="2" ind2=" " tag="710">
		<subfield code="a">American University in Cairo.</subfield>
		<subfield code="b">Library.</subfield>
	</datafield>
	<datafield ind1="0" ind2=" " tag="730">
		<subfield code="a">Arabic Collections Online.</subfield>
	</datafield>
	<datafield ind1="0" ind2=" " tag="740">
		<subfield code="6">880-08</subfield>
		<subfield code="a">Tahdhīb al-akhlāq wa-taṭhīr al-aʻrāq.</subfield>
	</datafield>
	<datafield ind1="0" ind2="8" tag="776">
		<subfield code="i">Print version:</subfield>
		<subfield code="a">Māwardī, ʻAlī ibn Muḥammad, 974?-1058, author.</subfield>
		<subfield code="t">Kitāb adab al-dunyā wa-al-dīn</subfield>
		<subfield code="w">(UaCaAUL)b12957033</subfield>
		<subfield code="w">(OCoLC)960905288</subfield>
	</datafield>
	<datafield ind1="4" ind2="0" tag="856">
		<subfield code="u">http://hdl.handle.net/2333.1/rxwdbxmm</subfield>
	</datafield>
	<datafield ind1="1" ind2=" " tag="880">
		<subfield code="6">100-01/r</subfield>
		<subfield code="a">ماوردي علي بن محمد،</subfield>
		<subfield code="d">974؟1058-،</subfield>
		<subfield code="e">author.</subfield>
	</datafield>
	<datafield ind1="1" ind2="0" tag="880">
		<subfield code="6">240-02/r</subfield>
		<subfield code="a">ادب الدنيا والدين.</subfield>
	</datafield>
	<datafield ind1="1" ind2="0" tag="880">
		<subfield code="6">245-03/r</subfield>
		<subfield code="a">كتاب ادب الدنيا والدين /</subfield>
		<subfield code="c">تأليف العالم العلامة الحبر الفهامة الامام الكبير المحقق الشهير أقضى القضاة أبي الحسن علي بن محمد بن حبيب البصري الماوردي رحمه الله ؛ وبهامشه كتاب تهذيب الأخلاق وتطهير الأعراق / للشيخ أبي علي أحمد بن محمد، المعروف بابن مسكويه المتوفى سنة 421.</subfield>
	</datafield>
	<datafield ind1=" " ind2=" " tag="880">
		<subfield code="6">250-04/r</subfield>
		<subfield code="a">الطبعة الأولى.</subfield>
	</datafield>
	<datafield ind1=" " ind2="1" tag="880">
		<subfield code="6">264-05/r</subfield>
		<subfield code="a">[القاهرة]، مصر :</subfield>
		<subfield code="b">المطبعة الادبية بسوق الخضار القديم بمصر،</subfield>
		<subfield code="c">1317 ه.، [1899-1900 م.]</subfield>
	</datafield>
	<datafield ind1=" " ind2="3" tag="880">
		<subfield code="6">264-06/r</subfield>
		<subfield code="a">[القاهرة]، مصر :</subfield>
		<subfield code="b">طبع بالمطبعة الادبية بسوق الخضار القديم بمصر.</subfield>
	</datafield>
	<datafield ind1="1" ind2="2" tag="880">
		<subfield code="6">700-07/r</subfield>
		<subfield code="a">إبن مسكويه، أحمد بن محمد،</subfield>
		<subfield code="d">1030.</subfield>
		<subfield code="t">كتاب تهذيب الأخلاق وتطهير الأعراق.</subfield>
	</datafield>
	<datafield ind1="0" ind2=" " tag="880">
		<subfield code="6">740-08/r</subfield>
		<subfield code="a">تهذيب الأخلاق وتطهير الأعراق.</subfield>
	</datafield>
	<datafield ind1=" " ind2=" " tag="959">
		<subfield code="a">NNU</subfield>
		<subfield code="b">WEB</subfield>
		<subfield code="c">GENI</subfield>
		<subfield code="t">0</subfield>
		<subfield code="m">Electronic access</subfield>
		<subfield code="s">01</subfield>
	</datafield>
	<datafield ind1=" " ind2=" " tag="999">
		<subfield code="i">UaCaAUL_b12957033</subfield>
		<subfield code="o">(OCoLC)ocn960905288</subfield>
		<subfield code="s">auc_aco000075</subfield>
		<subfield code="e">(ERROR-880)</subfield>
		<subfield code="s">auc_aco000075</subfield>
	</datafield>
</record>
